
       
       @article{theorem11,
		author ={ S.-Y. Ha and T. Ha and J.-H. Kim.},
         title={Emergent behaviour of a Cucker-Smale type particle model with nonlinear velocity couplings},
         journal={IEEE Trans. Automat. Control, 55(7):1679-1683},
         year={2010},
        }
        
               @article{cftp,
        		author = {Marco Caponigro and Massimo Fornasier and Benedetto Piccoli and Emmanuel Tr\'{e}lat},
                 title={Sparse Stabilization and Control of Alignment Models},
                 journal={Mathematical models and Methods in Applied Sciences. Vol.25, No. 3, 521 - 564},
                 year={2015},
                }
                
                
                 @article{cs1,
                		author ={ F. Cucker and S. Smale},
                         title={Emergent behaviour in flocks},
                         journal={IEEE Trans. Automat. Control, 52(5):852-862},
                         year={2007},
                        }
                        
                  @article{cs2,
                 		author ={ F. Cucker and S. Smale},
                          title={On the mathematics of emergence},
                          journal={Jpn. J. Math., 2(1):197-227},
                          year={2007},
                         }                       
                         
                         
                                  
                         
                         
                         
                         
                         @misc{bfk,
                           TITLE = {{(Un)conditional consensus emergence under perturbed and decentralized feedback controls}},
                           AUTHOR = {Bongini, Mattia and Kalise, Dante and Fornasier, Massimo},
                           URL = {https://hal.inria.fr/hal-01030745},
                           NOTE = {Parallel session},
                           HOWPUBLISHED = {{NETCO 2014 - New Trends in Optimal Control}},
                           YEAR = {2014},
                           MONTH = Jun,
                           PDF = {https://hal.inria.fr/hal-01030745/file/Bongini-NETCO2014.pdf},
                           HAL_ID = {hal-01030745},
                           HAL_VERSION = {v1},
                         }
                         
                         
						 @article{jfwpc,
                 		author ={ Michael M. Zavlanos and Ali Jadbabaie and George J. Pappas},
                          title={Flocking while preserving network connectivity},
                          journal={IEEE Conference on Decision and Control, New Orleans, LA, USA},
                          year={2007},
                         }                                     

						 @article{jdccms,
                 		author ={ Maria Carmela De Gennaro and Ali Jadbabaie},
                          title={Decentralized control of connectivity for multi-agent systems},
                          journal={IEEE Conference on Decision and Control, New Orleans, LA, USA},
                          year={2007},
                         }   
                         
                         
                         @Article{Hager2000,
                         author="Hager, William W.",
                         title="Runge-Kutta methods in optimal control and the transformed adjoint system",
                         journal="Numerische Mathematik",
                         year="2000",
                         volume="87",
                         number="2",
                         pages="247--282",
                         abstract="The convergence rate is determined for Runge-Kutta discretizations of nonlinear control problems. The analysis utilizes a connection between the Kuhn-Tucker multipliers for the discrete problem and the adjoint variables associated with the continuous minimum principle. This connection can also be exploited in numerical solution techniques that require the gradient of the discrete cost function.",
                         issn="0945-3245",
                         doi="10.1007/s002110000178",
                         url="http://dx.doi.org/10.1007/s002110000178"
                         }
                         
                         
                         @article{hagerzhang,
                         author = {William W. Hager and Hongchao Zhang},
                         title = {A New Conjugate Gradient Method with Guaranteed Descent and an Efficient Line Search},
                         journal = {SIAM Journal on Optimization},
                         volume = {16},
                         number = {1},
                         pages = {170-192},
                         year = {2005},
                         doi = {10.1137/030601880},
                         
                         URL = { 
                                 http://dx.doi.org/10.1137/030601880
                             
                         },
                         eprint = { 
                                 http://dx.doi.org/10.1137/030601880
                             
                         }
                         
                         }
                         
                         
                         
                         
                         
                         
                    
                         